

@inproceedings{seda,
 author = {Matt Welsh and David Culler and Eric Brewer},
 title = {SEDA: an architecture for well-conditioned, scalable internet services},
 booktitle = {SOSP '01: Proceedings of the eighteenth ACM symposium on Operating systems principles},
 year = {2001},
 isbn = {1-58113-389-8},
 pages = {230--243},
 location = {Banff, Alberta, Canada},
 doi = {http://doi.acm.org/10.1145/502034.502057},
 publisher = {ACM},
 address = {New York, NY, USA}
 }

@article{wang-imw,
  title={{Observation and analysis of BGP behavior under stress}},
  author={Wang, L. and Zhao, X. and Pei, D. and Bush, R. and Massey, D. and Mankin, A. and Wu, S.F. and Zhang, L.},
  journal={Proceedings of the 2nd ACM SIGCOMM Workshop on Internet measurment},
  pages={183--195},
  year={2002},
  publisher={ACM Press New York, NY, USA}
}

@article{imc08,
  title={{BGPmon: A real-time, scalable, extensible monitoring system}},
  author={Matthews, D. and Parrish, N. and Yan, H. and and Massey, D.},
  journal={Proceedings of the ACM SIGCOMM Internet Measurement Confernce (IMC)},
  year={2008},
  publisher={ACM Press New York, NY, USA}
}

@misc{bgparm,
  title={{BGPmon Administrator's Reference Manual}},
  author={Matthews, D. and Yan, H. and and Massey, D.},
  year={2008},
}

@misc{bgpspec,
  title={{BGPmon Implementation and Technical Specification}},
  author={Matthews, D. and Yan, H. and and Massey, D.},
  year={2008},
}
	
@inproceedings{feamster-sigcomm05,
 author = {Nick Feamster and Ramesh Johari and Hari Balakrishnan},
 title = {Implications of autonomy for the expressiveness of policy routing},
 booktitle = {SIGCOMM '05: Proceedings of the 2005 conference on Applications, technologies, architectures, and protocols for computer communications},
 year = {2005},
 isbn = {1-59593-009-4},
 pages = {25--36},
 location = {Philadelphia, Pennsylvania, USA},
 doi = {http://doi.acm.org/10.1145/1080091.1080096},
 publisher = {ACM},
 address = {New York, NY, USA}
 }


@article{gao,
 author = {Lixin Gao},
 title = {On inferring autonomous system relationships in the internet},
 journal = {IEEE/ACM Trans. Netw.},
 volume = {9},
 number = {6},
 year = {2001},
 issn = {1063-6692},
 pages = {733--745},
 doi = {http://dx.doi.org/10.1109/90.974527},
 publisher = {IEEE Press},
 address = {Piscataway, NJ, USA}
 }

@misc{ghostflushing,
  author = "A. Bremler-Barr and Y. Afek and S. Schwarz",
  title = "Improved BGP Convergence via Ghost Flushing",
  text = "Anat Bremler-Barr, Yehuda Afek, and Shemer Schwarz. Improved BGP Convergence
    via Ghost Flushing. In Proc. IEEE INFOCOM. IEEE, Mar 2003.",
  year = "2003",
  url = "citeseer.ist.psu.edu/bremler-barr03improved.html" 
  }


@inproceedings{hlp-sigcomm05,
 author = {Lakshminarayanan Subramanian and Matthew Caesar and Cheng Tien Ee and Mark Handley and Morley Mao and Scott Shenker and Ion Stoica},
 title = {HLP: a next generation inter-domain routing protocol},
 booktitle = {SIGCOMM '05: Proceedings of the 2005 conference on Applications, technologies, architectures, and protocols for computer communications},
 year = {2005},
 isbn = {1-59593-009-4},
 pages = {13--24},
 location = {Philadelphia, Pennsylvania, USA},
 doi = {http://doi.acm.org/10.1145/1080091.1080095},
 publisher = {ACM},
 address = {New York, NY, USA}
 }

@article{rcn,
 author = {Dan Pei and Matt Azuma and Dan Massey and Lixia Zhang},
 title = {BGP-RCN: improving BGP convergence through root cause notification},
 journal = {Comput. Netw. ISDN Syst.},
 volume = {48},
 number = {2},
 year = { 205},
 issn = {0169-7552},
 pages = {175--194},
 doi = {http://dx.doi.org/10.1016/j.comnet.2004.09.008},
 publisher = {Elsevier Science Publishers B. V.},
 address = {Amsterdam, The Netherlands, The Netherlands}
 }


@inproceedings{listenwhisper,
 author = {Lakshminarayanan Subramanian and Volker Roth and Ion Stoica and Scott Shenker and Randy H. Katz},
 title = {Listen and whisper: security mechanisms for BGP},
 booktitle = {NSDI'04: Proceedings of the 1st conference on Symposium on Networked Systems Design and Implementation},
 year = {2004},
 pages = {10--10},
 location = {San Francisco, California},
 publisher = {USENIX Association},
 address = {Berkeley, CA, USA}
 }

@misc{bgpdump,
title = "bgptools",
author = "unknown",
note = {\url{http://nms.lcs.mit.edu/software/bgp/bgptools/}}
}

@misc{bgpmonweb,
title = "BGP Monitoring System",
author = "unknown",
note= {\url{http://bgpmon.netsec.colostate.edu/index.html}}
}

@misc{bgprfc,
title = "A Border Gateway Protocol 4 (BGP-4)",
author = "unknown",
note = {\url{http://www.ietf.org/rfc/rfc4271.txt}}
}

@misc{mrt,
title = "MRT Routing Information Export Format",
author = "unknown",
note = {\url{http://www.ietf.org/internet-drafts/draft-ietf-grow-mrt-11.txt}}
}

@misc{quagga,
title = "Quagga Routing Suite",
author = "unknown",
note = {\url{http://www.quagga.net/}}
}

@misc{riperis,
title = "RIPE (Rseaux IP Europens) Routing Information Service",
author = "unknown",
note = {http://www.ripe.net/projects/ris/}
}

@misc{routeviews,
title = "University of Oregon Route Views Project",
author = "unknown",
note = {http://www.routeviews.org/}
}

@misc{zebra,
title = "GNU Zebra",
author = "unknown",
note = {http://www.zebra.org/}
}




