% This file was created with JabRef 2.5.
% Encoding: UTF-8

@MISC{ghostflushing,
  author = {A. Bremler-Barr and Y. Afek and S. Schwarz},
  title = {Improved BGP Convergence via Ghost Flushing},
  year = {2003},
  text = {Anat Bremler-Barr, Yehuda Afek, and Shemer Schwarz. Improved BGP Convergence
	via Ghost Flushing. In Proc. IEEE INFOCOM. IEEE, Mar 2003.},
  url = {citeseer.ist.psu.edu/bremler-barr03improved.html}
}

@INPROCEEDINGS{feamster-sigcomm05,
  author = {Nick Feamster and Ramesh Johari and Hari Balakrishnan},
  title = {Implications of autonomy for the expressiveness of policy routing},
  booktitle = {SIGCOMM '05: Proceedings of the 2005 conference on Applications,
	technologies, architectures, and protocols for computer communications},
  year = {2005},
  pages = {25--36},
  address = {New York, NY, USA},
  publisher = {ACM},
  doi = {http://doi.acm.org/10.1145/1080091.1080096},
  isbn = {1-59593-009-4},
  location = {Philadelphia, Pennsylvania, USA}
}

@ARTICLE{gao,
  author = {Lixin Gao},
  title = {On inferring autonomous system relationships in the internet},
  journal = {IEEE/ACM Trans. Netw.},
  year = {2001},
  volume = {9},
  pages = {733--745},
  number = {6},
  address = {Piscataway, NJ, USA},
  doi = {http://dx.doi.org/10.1109/90.974527},
  issn = {1063-6692},
  publisher = {IEEE Press}
}

@ARTICLE{imc08,
  author = {Matthews, D. and Parrish, N. and Yan, H. and and Massey, D.},
  title = {{BGPmon: A real-time, scalable, extensible monitoring system}},
  journal = {Proceedings of the ACM SIGCOMM Internet Measurement Confernce (IMC)},
  year = {2008},
  publisher = {ACM Press New York, NY, USA}
}

@MISC{bgparm,
  author = {Matthews, D. and Yan, H. and and Massey, D.},
  title = {{BGPmon Administrator's Reference Manual}},
  year = {2008}
}

@MISC{massey08tech,
  author = {Matthews, D. and Yan, H. and and Massey, D.},
  title = {BGPmon Implementation and Technical Specification},
  year = {2008},
  institution = {Colorado State University}
}

@ARTICLE{rcn,
  author = {Dan Pei and Matt Azuma and Dan Massey and Lixia Zhang},
  title = {BGP-RCN: improving BGP convergence through root cause notification},
  journal = {Comput. Netw. ISDN Syst.},
  year = { 205},
  volume = {48},
  pages = {175--194},
  number = {2},
  address = {Amsterdam, The Netherlands, The Netherlands},
  doi = {http://dx.doi.org/10.1016/j.comnet.2004.09.008},
  issn = {0169-7552},
  publisher = {Elsevier Science Publishers B. V.}
}

@INPROCEEDINGS{hlp-sigcomm05,
  author = {Lakshminarayanan Subramanian and Matthew Caesar and Cheng Tien Ee
	and Mark Handley and Morley Mao and Scott Shenker and Ion Stoica},
  title = {HLP: a next generation inter-domain routing protocol},
  booktitle = {SIGCOMM '05: Proceedings of the 2005 conference on Applications,
	technologies, architectures, and protocols for computer communications},
  year = {2005},
  pages = {13--24},
  address = {New York, NY, USA},
  publisher = {ACM},
  doi = {http://doi.acm.org/10.1145/1080091.1080095},
  isbn = {1-59593-009-4},
  location = {Philadelphia, Pennsylvania, USA}
}

@INPROCEEDINGS{listenwhisper,
  author = {Lakshminarayanan Subramanian and Volker Roth and Ion Stoica and Scott
	Shenker and Randy H. Katz},
  title = {Listen and whisper: security mechanisms for BGP},
  booktitle = {NSDI'04: Proceedings of the 1st conference on Symposium on Networked
	Systems Design and Implementation},
  year = {2004},
  pages = {10--10},
  address = {Berkeley, CA, USA},
  publisher = {USENIX Association},
  location = {San Francisco, California}
}

@MISC{bgpdump,
  author = {unknown},
  title = {bgptools},
  note = {\url{http://nms.lcs.mit.edu/software/bgp/bgptools/}}
}

@MISC{bgpmonweb,
  author = {unknown},
  title = {BGP Monitoring System},
  note = {\url{http://bgpmon.netsec.colostate.edu/index.html}}
}

@MISC{bgprfc,
  author = {unknown},
  title = {A Border Gateway Protocol 4 (BGP-4)},
  note = {\url{http://www.ietf.org/rfc/rfc4271.txt}}
}

@MISC{mrt,
  author = {unknown},
  title = {MRT Routing Information Export Format},
  note = {\url{http://www.ietf.org/internet-drafts/draft-ietf-grow-mrt-07.txt}}
}

@MISC{quagga,
  author = {unknown},
  title = {Quagga Routing Suite},
  note = {\url{http://www.quagga.net/}}
}

@MISC{riperis,
  author = {unknown},
  title = {RIPE (R�seaux IP Europ�ens) Routing Information Service},
  note = {http://www.ripe.net/projects/ris/}
}

@MISC{routeviews,
  author = {unknown},
  title = {University of Oregon Route Views Project},
  note = {http://www.routeviews.org/}
}

@MISC{zebra,
  author = {unknown},
  title = {GNU Zebra},
  note = {http://www.zebra.org/}
}

@ARTICLE{wang-imw,
  author = {Wang, L. and Zhao, X. and Pei, D. and Bush, R. and Massey, D. and
	Mankin, A. and Wu, S.F. and Zhang, L.},
  title = {{Observation and analysis of BGP behavior under stress}},
  journal = {Proceedings of the 2nd ACM SIGCOMM Workshop on Internet measurment},
  year = {2002},
  pages = {183--195},
  publisher = {ACM Press New York, NY, USA}
}

@INPROCEEDINGS{seda,
  author = {Matt Welsh and David Culler and Eric Brewer},
  title = {SEDA: an architecture for well-conditioned, scalable internet services},
  booktitle = {SOSP '01: Proceedings of the eighteenth ACM symposium on Operating
	systems principles},
  year = {2001},
  pages = {230--243},
  address = {New York, NY, USA},
  publisher = {ACM},
  doi = {http://doi.acm.org/10.1145/502034.502057},
  isbn = {1-58113-389-8},
  location = {Banff, Alberta, Canada}
}

